<record><leader>00000cas a22000007a 4500</leader><controlfield tag="001">18022259</controlfield><controlfield tag="008">880531d18891891nyudn ne      0   a0eng d</controlfield><datafield ind1=" " ind2=" " tag="010"><subfield code="a">sn 88074445 </subfield></datafield><datafield ind1=" " ind2=" " tag="040"><subfield code="a">NYS</subfield><subfield code="b">eng</subfield><subfield code="c">NYS</subfield><subfield code="d">OCLCQ</subfield><subfield code="d">DLC</subfield><subfield code="d">HUL</subfield></datafield><datafield ind1="0" ind2=" " tag="022"><subfield code="a">2469-9500</subfield><subfield code="l">2469-9500</subfield><subfield code="2">1</subfield></datafield><datafield ind1=" " ind2=" " tag="042"><subfield code="a">msc</subfield><subfield code="a">nsdp</subfield></datafield><datafield ind1="1" ind2="0" tag="050"><subfield code="a">ISSN RECORD</subfield></datafield><datafield ind1="1" ind2="0" tag="082"><subfield code="a">071</subfield><subfield code="2">23</subfield></datafield><datafield ind1="0" ind2=" " tag="130"><subfield code="a">Rochester evening times (Rochester, N.Y. : 1889)</subfield></datafield><datafield ind1=" " ind2="0" tag="222"><subfield code="a">Rochester evening times</subfield><subfield code="b">(Rochester, N.Y. 1889)</subfield></datafield><datafield ind1="1" ind2="0" tag="245"><subfield code="a">Rochester evening times.</subfield></datafield><datafield ind1="3" ind2="0" tag="246"><subfield code="a">Rochester Sunday times</subfield></datafield><datafield ind1=" " ind2=" " tag="260"><subfield code="a">Rochester, N.Y. :</subfield><subfield code="b">Times Print. and Pub. Co.,</subfield><subfield code="c">1889-1891.</subfield></datafield><datafield ind1=" " ind2=" " tag="300"><subfield code="a">5 v.</subfield></datafield><datafield ind1=" " ind2=" " tag="310"><subfield code="a">Daily</subfield></datafield><datafield ind1=" " ind2=" " tag="321"><subfield code="a">Daily (except Sunday)</subfield></datafield><datafield ind1="0" ind2=" " tag="362"><subfield code="a">-v. 8, no. 151 (Nov. 2, 1891).</subfield></datafield><datafield ind1="1" ind2=" " tag="362"><subfield code="a">Description based on: vol. 4, no. 607 (Oct. 30, 1889).</subfield></datafield><datafield ind1=" " ind2=" " tag="500"><subfield code="a">On Sunday published as: Rochester Sunday times, July 6, 1890-Nov. 1, 1891.</subfield></datafield><datafield ind1=" " ind2="4" tag="651"><subfield code="a">Rochester (N.Y.)</subfield><subfield code="v">Newspapers.</subfield></datafield><datafield ind1=" " ind2=" " tag="752"><subfield code="a">United States</subfield><subfield code="b">New York</subfield><subfield code="c">Monroe</subfield><subfield code="d">Rochester.</subfield></datafield><datafield ind1="0" ind2="0" tag="780"><subfield code="t">Evening times (Rochester, N.Y. : 1889)</subfield><subfield code="x">2469-9527</subfield><subfield code="w">(DLC)sn 88074444</subfield><subfield code="w">(OCoLC)18022203</subfield></datafield><datafield ind1="0" ind2="0" tag="785"><subfield code="t">Rochester times (Rochester, N.Y. : 1891)</subfield><subfield code="x">2469-9497</subfield><subfield code="w">(DLC)sn 88074446</subfield><subfield code="w">(OCoLC)18022317</subfield></datafield><datafield ind1="1" ind2=" " tag="029"><subfield code="a">AU@</subfield><subfield code="b">000020522068</subfield></datafield></record>